<?xml version="1.0" encoding="UTF-8"?>
  <record xmlns="http://www.loc.gov/MARC21/slim" type="Authority">
    <leader>00000nz  a2200000oc 4500</leader>
    <controlfield tag="001">1215373295</controlfield>
    <controlfield tag="003">DE-101</controlfield>
    <controlfield tag="005">20200807131914.0</controlfield>
    <controlfield tag="008">200807n||aznnnaabn           | aaa    |c</controlfield>
    <datafield tag="024" ind1="7" ind2=" ">
      <subfield code="a">1215373295</subfield>
      <subfield code="0">http://d-nb.info/gnd/1215373295</subfield>
      <subfield code="2">gnd</subfield>
    </datafield>
    <datafield tag="035" ind1=" " ind2=" ">
      <subfield code="a">(DE-101)1215373295</subfield>
    </datafield>
    <datafield tag="035" ind1=" " ind2=" ">
      <subfield code="a">(DE-588)1215373295</subfield>
    </datafield>
    <datafield tag="040" ind1=" " ind2=" ">
      <subfield code="a">DE-17</subfield>
      <subfield code="c">DE-17</subfield>
      <subfield code="9">r:DE-17</subfield>
      <subfield code="b">ger</subfield>
      <subfield code="d">0017</subfield>
      <subfield code="e">rda</subfield>
    </datafield>
    <datafield tag="042" ind1=" " ind2=" ">
      <subfield code="a">gnd3</subfield>
    </datafield>
    <datafield tag="043" ind1=" " ind2=" ">
      <subfield code="c">XA-DE</subfield>
    </datafield>
    <datafield tag="075" ind1=" " ind2=" ">
      <subfield code="b">p</subfield>
      <subfield code="2">gndgen</subfield>
    </datafield>
    <datafield tag="075" ind1=" " ind2=" ">
      <subfield code="b">piz</subfield>
      <subfield code="2">gndspec</subfield>
    </datafield>
    <datafield tag="079" ind1=" " ind2=" ">
      <subfield code="a">g</subfield>
      <subfield code="q">f</subfield>
    </datafield>
    <datafield tag="100" ind1="1" ind2=" ">
      <subfield code="a">Gabler, Anna Dorothea Sophia</subfield>
      <subfield code="d">167X-</subfield>
    </datafield>
    <datafield tag="500" ind1="1" ind2=" ">
      <subfield code="0">(DE-101)1215294948</subfield>
      <subfield code="0">(DE-588)1215294948</subfield>
      <subfield code="0">https://d-nb.info/gnd/1215294948</subfield>
      <subfield code="a">Gabler, Theodor</subfield>
      <subfield code="d">1646-1713</subfield>
      <subfield code="4">bezf</subfield>
      <subfield code="4">https://d-nb.info/standards/elementset/gnd#familialRelationship</subfield>
      <subfield code="w">r</subfield>
      <subfield code="i">Beziehung familiaer</subfield>
      <subfield code="e">Beziehung familiaer</subfield>
      <subfield code="9">v:Vater</subfield>
    </datafield>
    <datafield tag="500" ind1="1" ind2=" ">
      <subfield code="0">(DE-101)1215361238</subfield>
      <subfield code="0">(DE-588)1215361238</subfield>
      <subfield code="0">https://d-nb.info/gnd/1215361238</subfield>
      <subfield code="a">Gabler, Catharina Maria</subfield>
      <subfield code="d">1650-</subfield>
      <subfield code="4">bezf</subfield>
      <subfield code="4">https://d-nb.info/standards/elementset/gnd#familialRelationship</subfield>
      <subfield code="w">r</subfield>
      <subfield code="i">Beziehung familiaer</subfield>
      <subfield code="e">Beziehung familiaer</subfield>
      <subfield code="9">v:Mutter</subfield>
    </datafield>
    <datafield tag="500" ind1="1" ind2=" ">
      <subfield code="0">(DE-101)1215373236</subfield>
      <subfield code="0">(DE-588)1215373236</subfield>
      <subfield code="0">https://d-nb.info/gnd/1215373236</subfield>
      <subfield code="a">Gabler, Felicitas Maria</subfield>
      <subfield code="d">167X-</subfield>
      <subfield code="4">bezf</subfield>
      <subfield code="4">https://d-nb.info/standards/elementset/gnd#familialRelationship</subfield>
      <subfield code="w">r</subfield>
      <subfield code="i">Beziehung familiaer</subfield>
      <subfield code="e">Beziehung familiaer</subfield>
      <subfield code="9">v:Schwester</subfield>
    </datafield>
    <datafield tag="500" ind1="1" ind2=" ">
      <subfield code="0">(DE-101)1071079107</subfield>
      <subfield code="0">(DE-588)1071079107</subfield>
      <subfield code="0">https://d-nb.info/gnd/1071079107</subfield>
      <subfield code="a">Gabler, Johann Georg</subfield>
      <subfield code="d">1682-1682</subfield>
      <subfield code="4">bezf</subfield>
      <subfield code="4">https://d-nb.info/standards/elementset/gnd#familialRelationship</subfield>
      <subfield code="w">r</subfield>
      <subfield code="i">Beziehung familiaer</subfield>
      <subfield code="e">Beziehung familiaer</subfield>
      <subfield code="9">v:Bruder</subfield>
    </datafield>
    <datafield tag="548" ind1=" " ind2=" ">
      <subfield code="a">167X-</subfield>
      <subfield code="4">datl</subfield>
      <subfield code="4">https://d-nb.info/standards/elementset/gnd#dateOfBirth</subfield>
      <subfield code="w">r</subfield>
      <subfield code="i">Lebensdaten</subfield>
    </datafield>
    <datafield tag="551" ind1=" " ind2=" ">
      <subfield code="0">(DE-101)040082288</subfield>
      <subfield code="0">(DE-588)4008228-3</subfield>
      <subfield code="0">https://d-nb.info/gnd/4008228-3</subfield>
      <subfield code="a">Breuberg</subfield>
      <subfield code="4">ortg</subfield>
      <subfield code="4">https://d-nb.info/standards/elementset/gnd#placeOfBirth</subfield>
      <subfield code="w">r</subfield>
      <subfield code="i">Geburtsort</subfield>
    </datafield>
    <datafield tag="667" ind1=" " ind2=" ">
      <subfield code="a">VD17</subfield>
    </datafield>
    <datafield tag="670" ind1=" " ind2=" ">
      <subfield code="a">Gott gefälliger Seelen bald erreichete Vollkommenheit, in einer Christlichen Leich-Predigt, als ein Kind guter Hoffnung, Nemblich Joh. Georgius Gabler, des Hoch-Edlen, Vest und Großachtbahren Herrn Theodori Gablers, Hoch-Gräfflichen Erbachischen, Cammer-Meisters und dessen hertzgeliebten Haußfrauen, Fr. Catharina Maria gebohrner Pestlin, liebstgewesenes Söhnlein, Nachdeme es den 8. Tag Junii des 1682ten Jahrs Morgens umb 9.Uhr seliglich verschieden, auff das Fest der Hochh. Dreyfaltigkeit, bey ansehnlicher Trauer-Versamblung, in die Pfarrkirche zu Michelstadt begraben worden. Gezeiget und auff Begehren schrifftlich ertheilet von Nicolao Listen, p. t. Ecclesiae patriae Pastore, Darmstadt: Müller, [1682] - Widmungsempfängerin</subfield>
    </datafield>
    <datafield tag="678" ind1=" " ind2=" ">
      <subfield code="b">Tochter des Amtmanns Theodor Gabler und Anna Catharina geb. Pestel. In Kirchenbuch Michelstadt nicht erwähnt, von daher vermutlich vor dem ersten Eintrag (vor 1675) in Breuberg(?).</subfield>
    </datafield>
  </record>
